<?xml version="1.0" encoding="UTF-8"?><collection xmlns="http://www.loc.gov/MARC21/slim"><record><leader>00411nam--2200145-i-4500</leader><controlfield tag="001">000004340</controlfield><controlfield tag="002">20161230</controlfield><controlfield tag="005">20170208143258</controlfield><controlfield tag="008">060222s1000------------r-----000-0-eng-d</controlfield><datafield ind1=" " ind2=" " tag="100"><subfield code="a">Silva, Frausto Da</subfield></datafield><datafield ind1=" " ind2=" " tag="245"><subfield code="a">Novo metodo espectrofotometrico para dosagem do uranio</subfield></datafield><datafield ind1=" " ind2=" " tag="260"><subfield code="a">Lisboa</subfield><subfield code="b">Instituto Superior Tecnico</subfield><subfield code="c">1958</subfield></datafield><datafield ind1=" " ind2=" " tag="300"><subfield code="a">8 p., 5 Fig</subfield></datafield><datafield ind1=" " ind2=" " tag="700"><subfield code="a">Moura, Legrand De</subfield></datafield><datafield ind1=" " ind2=" " tag="CAT"><subfield code="a">SYS</subfield><subfield code="c">20170208</subfield><subfield code="h">143258</subfield></datafield></record></collection>